
@online{_ueye_????,
    title = {{uEye} Cockpit - {IDS} Imaging Development Systems {GmbH}},
    url = {https://en.ids-imaging.com/ueye-cockpit.html},
    urldate = {2018-04-26},
    file = {uEye Cockpit - IDS Imaging Development Systems GmbH:/home/nick/Zotero/storage/42QTT5PR/ueye-cockpit.html:text/html}
}

@online{zeeman_rev,
    title = {http://www.uio.no/studier/emner/matnat/fys/FYS2150/v18/kursmateriell/bolgeoptikk/fys2150-3_2-zeeman_vedlegg.pdf}
}

@book{squires_practical_2001,
    edition = {4},
    title = {Practical Physics},
    isbn = {978-0-521-77940-1},
    pagetotal = {212},
    publisher = {Cambridge University Press},
    author = {Squires, G. L},
    date = {2001}
}

@book{griffiths,
    edition = {2},
    title = {Introduction to Quantum Mechanics},
    isbn = {978-1107179868},
    pagetotal = {468},
    publisher = {Cambridge University Press},
    author = {Griffiths, D. J},
    date = {2017}
}

@misc{_shell_????,
    title = {Shell Tellus S2 M 68 Technical Data Sheet},
    url = {http://www.ktstrade.com.my/products/shell/technicaldata/0043.pdf},
    shorttitle = {Shell Tellus S2 M 68},
    abstract = {Shell Tellus S2 M fluids are high performance hydraulic fluids that use Shell’s unique patented technology to provide
outstanding protection and performance in most manufacturing and many mobile equipment operations. They resist
breakdown under heat or mechanical stress and help prevent damaging deposit formation that can decrease the
efficiency of your hydraulic power system.},
    publisher = {Shell},
    urldate = {2018-04-26}
}

@misc{_proscale_????,
    title = {{ProScale} {XC} User Manual},
    url = {http://www.uio.no/studier/emner/matnat/fys/FYS2150/v18/kursmateriell/datablader-og-brukermanualer/proscalexc.pdf}
}

@misc{col_fig,

    title = {\url{http://felix.physics.sunysb.edu/~allen/252/PHY251_H_spectrum.html}},
    year = "1998",
    url = {http://felix.physics.sunysb.edu/~allen/252/PHY251_H_spectrum.html},
    note = "[Online; accessed 13-May-2018]"
}

@misc{_fluke_????,
    title = {Fluke 62 User Manual},
    url = {http://www.uio.no/studier/emner/matnat/fys/FYS2150/v18/kursmateriell/datablader-og-brukermanualer/fluke62_irthermometer.pdf}
}

@misc{ wiki:grayscale,
    author = "{Wikipedia contributors}",
    title = "Grayscale --- {Wikipedia}{,} The Free Encyclopedia",
    year = "2018",
    url = "https://en.wikipedia.org/w/index.php?title=Grayscale&oldid=827764362",
    note = "[Online; accessed 30-April-2018]"
  }

@misc{ question_paper,
    author = "{Y. M. Wang}, {D. K. Dysthe}",
    title = "Bevegelsesmotstand",
    year = "2018",
    url = "http://www.uio.no/studier/emner/matnat/fys/FYS2150/v18/kursmateriell/bevegelsesmotstand/bevegelsesmotstand.pdf",
    note = "[Online; accessed 30-April-2018]"
  }

@misc{ wiki:grav,
    author = "{Wikipedia contributors}",
    title = "Standard gravity --- {Wikipedia}{,} The Free Encyclopedia",
    year = "2018",
    url = "https://en.wikipedia.org/w/index.php?title=Standard_gravity&oldid=832362254",
    note = "[Online; accessed 30-April-2018]"
  }

  @misc{ wiki:debroglie,
    author = "{Wikipedia contributors}",
    title = "Matter wave --- {Wikipedia}{,} The Free Encyclopedia",
    year = "2018",
    howpublished = "\url{https://en.wikipedia.org/w/index.php?title=Matter_wave&oldid=830205957}",
    note = "[Online; accessed 14-May-2018]"
  }

@misc{ wiki:energy_momentum,
    author = "{Wikipedia contributors}",
    title = "Energy–momentum relation --- {Wikipedia}{,} The Free Encyclopedia",
    year = "2018",
    howpublished = "\url{https://en.wikipedia.org/w/index.php?title=Energy%E2%80%93momentum_relation&oldid=839578451}",
    note = "[Online; accessed 14-May-2018]"
  }

  @misc{ zeeman_vedlegg,
    author = "{C. A Lütken}, {A. L. Read}",
    title = "FYS2150/V18/Modul 3.2: {Zeeman-effekten}//revidert 23.04.18",
    year = "2018",
    howpublished = "\url{http://www.uio.no/studier/emner/matnat/fys/FYS2150/v18/kursmateriell/bolgeoptikk/fys2150-3_2-zeeman_vedlegg.pdf}",
    note = "[Online; accessed 14-May-2018]"
  }