@FOOTNOTE{Note1,key="Note1",note="The volume of the parts serve as the mass in this case, as the entire pendulum is made of the same material"}
