@MISC{prendulum,
  TITLE =        {Wikipedia,http://no.wikipedia.org/wiki/Tyngdeakselerasjon},
}