@ARTICLE{artikkeleksempel,
  AUTHOR =       {John Doe},
  TITLE =        {Artikkel},
  JOURNAL =      {Vitenskapelig Tidsskrift},
  YEAR =         {2010},
  volume =       {1},
  number =       {1},
  pages =        {1-10},
}

@BOOK{elempy,
  AUTHOR =       {Anders Malthe-Sorenssen},
  TITLE =        {Elementary Mechanics Using Python},
  PUBLISHER =    {Springer},
  YEAR =         {2015},
}

@BOOK{squires,
  AUTHOR =       {G. L. Squires},
  TITLE =        {Practical Physics 4th Edition},
  PUBLISHER =    {Cambridge University Press},
  YEAR =         {2001},
}

@MISC{BibTex,
  AUTHOR =       {Dag Langmyhr},
  TITLE =        {Lokal guide til BibTex, http://heim.ifi.uio.no/~dag/},
  INSTITUTION =  {Institutt for Informatikk, UiO},
  YEAR =         {1998},
}

@MISC{g_Wik,
  TITLE =        {Wikipedia,http://no.wikipedia.org/wiki/Tyngdeakselerasjon},
}

@MISC{pend_wik, 
  TITLE =         {\url{https://en.wikipedia.org/wiki/Pendulum}},
  }