@BOOK{elempy,
  AUTHOR =       {Anders Malthe-Sorenssen},
  TITLE =        {Elementary Mechanics Using Python},
  PUBLISHER =    {Springer},
  YEAR =         {2015},
}


@misc{ wiki:euler_bernouli,
    author = "Wikipedia contributors",
    title = "Eulerâ€“Bernoulli beam theory --- Wikipedia{,} The Free Encyclopedia",
    year = "2018",
    url = "\url{https://en.wikipedia.org/w/index.php?title=Euler%E2%80%93Bernoulli_beam_theory&oldid=833340737}",
    note = "[Online; accessed 8-April-2018]"
  }

@BOOK{squires,
  AUTHOR =       {G. L. Squires},
  TITLE =        {Practical Physics 4th Edition},
  PUBLISHER =    {Cambridge University Press},
  YEAR =         {2008},
}